@article{SCCG,
	author = {Wei Shi and Jianhua Chen and Mao Luo and Min Chen},
	title = {{High efficiency referential genome compression algorithm}},
	year = {2018}
}
@misc{Quest,
	author = {Dmitir Pavlichin and Tsachy Weissman},
	title = {{The Desperate Quest for Genomic Compression Algorithms}},
	year = {2018}
}
@article{FirstReferential,
	author = {Brandon, M. C. and D. C. Wallace and P. Baldi},
	title = {{Data structures and compression algorithms for genomic sequence data}},
	year = {2009},
	volume = {25},
	number = {14},
	pages = {1731-1738}
}
@misc{GenomeSequencing,
	title = {Compression of Genomic Sequencing Data},
	url = {https://en.wikipedia.org/wiki/Compression_of_Genomic_Sequencing_Data},
	note = {Pristup: 20.4.2021.}
}
@misc{DeltaEncoding,
	title = {Delta encoding},
	url = {https://en.wikipedia.org/wiki/Delta_encoding},
	note = {Pristup: 21.4.2021.}
}
@misc{FASTA,
	title = {FASTA format},
	url = {https://en.wikipedia.org/wiki/FASTA_format},
	note = {Pristup: 24.4.2021.}
}

